% Encoding: windows-1252

@article{DBLP:journals/iandc/CoquandH88,
  author    = {Thierry Coquand and
               G{\'{e}}rard P. Huet},
  title     = {The Calculus of Constructions},
  journal   = {Inf. Comput.},
  volume    = {76},
  number    = {2/3},
  pages     = {95--120},
  year      = {1988},
  url       = {https://doi.org/10.1016/0890-5401(88)90005-3},
  doi       = {10.1016/0890-5401(88)90005-3},
  timestamp = {Wed, 14 Nov 2018 10:35:06 +0100},
  biburl    = {https://dblp.org/rec/journals/iandc/CoquandH88.bib},
  bibsource = {dblp computer science bibliography, https://dblp.org}
}

@online{CIC,
  author = {Thierry Coquand},
  title = {Calculus of Inductive Constructions},
  year = 1991,
  url = {https://coq.inria.fr/distrib/current/refman/language/cic.html},
  urldate = {2020-03-17}
}

@inproceedings{DBLP:conf/ascm/Gonthier07,
  author    = {Georges Gonthier},
  editor    = {Deepak Kapur},
  title     = {The Four Colour Theorem: Engineering of a Formal Proof},
  booktitle = {Computer Mathematics, 8th Asian Symposium, {ASCM} 2007, Singapore,
               December 15-17, 2007. Revised and Invited Papers},
  series    = {Lecture Notes in Computer Science},
  volume    = {5081},
  pages     = {333},
  publisher = {Springer},
  year      = {2007},
  url       = {https://doi.org/10.1007/978-3-540-87827-8\_28},
  doi       = {10.1007/978-3-540-87827-8\_28},
  timestamp = {Tue, 14 May 2019 10:00:48 +0200},
  biburl    = {https://dblp.org/rec/conf/ascm/Gonthier07.bib},
  bibsource = {dblp computer science bibliography, https://dblp.org}
}

@inproceedings{DBLP:conf/lpar/Delahaye00,
  author    = {David Delahaye},
  editor    = {Michel Parigot and
               Andrei Voronkov},
  title     = {A Tactic Language for the System Coq},
  booktitle = {Logic for Programming and Automated Reasoning, 7th International Conference,
               {LPAR} 2000, Reunion Island, France, November 11-12, 2000, Proceedings},
  series    = {Lecture Notes in Computer Science},
  volume    = {1955},
  pages     = {85--95},
  publisher = {Springer},
  year      = {2000},
  url       = {https://doi.org/10.1007/3-540-44404-1\_7},
  doi       = {10.1007/3-540-44404-1\_7},
  timestamp = {Tue, 14 May 2019 10:00:55 +0200},
  biburl    = {https://dblp.org/rec/conf/lpar/Delahaye00.bib},
  bibsource = {dblp computer science bibliography, https://dblp.org}
}

@online{Gallina,
  author = {Adam Chlipala},
  title = {Gallina logic},
  url = {http://adam.chlipala.net/cpdt/html/Universes.html},
  urldate = {2020-03-17}
}

@inproceedings{DBLP:conf/itp/AnandBCST18,
  author    = {Abhishek Anand and
               Simon Boulier and
               Cyril Cohen and
               Matthieu Sozeau and
               Nicolas Tabareau},
  editor    = {Jeremy Avigad and
               Assia Mahboubi},
  title     = {Towards Certified Meta-Programming with Typed Template-Coq},
  booktitle = {Interactive Theorem Proving - 9th International Conference, {ITP}
               2018, Held as Part of the Federated Logic Conference, FloC 2018, Oxford,
               UK, July 9-12, 2018, Proceedings},
  series    = {Lecture Notes in Computer Science},
  volume    = {10895},
  pages     = {20--39},
  publisher = {Springer},
  year      = {2018},
  url       = {https://doi.org/10.1007/978-3-319-94821-8\_2},
  doi       = {10.1007/978-3-319-94821-8\_2},
  timestamp = {Tue, 14 May 2019 10:00:37 +0200},
  biburl    = {https://dblp.org/rec/conf/itp/AnandBCST18.bib},
  bibsource = {dblp computer science bibliography, https://dblp.org}
}

@inproceedings{DBLP:conf/esop/MalechaB16,
  author    = {Gregory Malecha and
               Jesper Bengtson},
  editor    = {Peter Thiemann},
  title     = {Extensible and Efficient Automation Through Reflective Tactics},
  booktitle = {Programming Languages and Systems - 25th European Symposium on Programming,
               {ESOP} 2016, Held as Part of the European Joint Conferences on Theory
               and Practice of Software, {ETAPS} 2016, Eindhoven, The Netherlands,
               April 2-8, 2016, Proceedings},
  series    = {Lecture Notes in Computer Science},
  volume    = {9632},
  pages     = {532--559},
  publisher = {Springer},
  year      = {2016},
  url       = {https://doi.org/10.1007/978-3-662-49498-1\_21},
  doi       = {10.1007/978-3-662-49498-1\_21},
  timestamp = {Tue, 14 May 2019 10:00:41 +0200},
  biburl    = {https://dblp.org/rec/conf/esop/MalechaB16.bib},
  bibsource = {dblp computer science bibliography, https://dblp.org}
}

@unpublished{tassi:hal-01637063,
  TITLE = {{Elpi: an extension language for Coq (Metaprogramming Coq in the Elpi $\lambda$Prolog dialect)}},
  AUTHOR = {Tassi, Enrico},
  URL = {https://hal.inria.fr/hal-01637063},
  NOTE = {working paper or preprint},
  YEAR = {2018},
  MONTH = Jan,
  KEYWORDS = {Coq ; $\lambda$Prolog ; metaprogramming ; extension language},
  PDF = {https://hal.inria.fr/hal-01637063/file/coqpl2018.pdf},
  HAL_ID = {hal-01637063},
  HAL_VERSION = {v1},
}

@article{DBLP:journals/pacmpl/KaiserZKRD18,
  author    = {Jan{-}Oliver Kaiser and
               Beta Ziliani and
               Robbert Krebbers and
               Yann R{\'{e}}gis{-}Gianas and
               Derek Dreyer},
  title     = {Mtac2: typed tactics for backward reasoning in Coq},
  journal   = {{PACMPL}},
  volume    = {2},
  number    = {{ICFP}},
  pages     = {78:1--78:31},
  year      = {2018},
  url       = {https://doi.org/10.1145/3236773},
  doi       = {10.1145/3236773},
  timestamp = {Wed, 21 Nov 2018 12:44:28 +0100},
  biburl    = {https://dblp.org/rec/journals/pacmpl/KaiserZKRD18.bib},
  bibsource = {dblp computer science bibliography, https://dblp.org}
}

@article{DBLP:journals/jar/CzajkaK18,
  author    = {Lukasz Czajka and
               Cezary Kaliszyk},
  title     = {Hammer for Coq: Automation for Dependent Type Theory},
  journal   = {J. Autom. Reasoning},
  volume    = {61},
  number    = {1-4},
  pages     = {423--453},
  year      = {2018},
  url       = {https://doi.org/10.1007/s10817-018-9458-4},
  doi       = {10.1007/s10817-018-9458-4},
  timestamp = {Tue, 26 Jun 2018 14:09:47 +0200},
  biburl    = {https://dblp.org/rec/journals/jar/CzajkaK18.bib},
  bibsource = {dblp computer science bibliography, https://dblp.org}
}

@book{DBLP:books/sp/NipkowPW02,
  author    = {Tobias Nipkow and
               Lawrence C. Paulson and
               Markus Wenzel},
  title     = {Isabelle/HOL - {A} Proof Assistant for Higher-Order Logic},
  series    = {Lecture Notes in Computer Science},
  volume    = {2283},
  publisher = {Springer},
  year      = {2002},
  url       = {https://doi.org/10.1007/3-540-45949-9},
  doi       = {10.1007/3-540-45949-9},
  isbn      = {3-540-43376-7},
  timestamp = {Tue, 14 May 2019 10:00:35 +0200},
  biburl    = {https://dblp.org/rec/books/sp/NipkowPW02.bib},
  bibsource = {dblp computer science bibliography, https://dblp.org}
}

